%% This BibTeX bibliography file was created using BibDesk.
%% https://bibdesk.sourceforge.io/

%% Created for Gamblin, Todd at 2021-11-28 18:09:52 -0800 


%% Saved with string encoding Unicode (UTF-8) 



@article{abate-2013-modular-package-manager,
	abstract = {Context
The success of modern software distributions in the Free and Open Source world can be explained, among other factors, by the availability of a large collection of software packages and the possibility to easily install and remove those components using state-of-the-art package managers. However, package managers are often built using a monolithic architecture and hard-wired and ad-hoc dependency solvers implementing some customized heuristics.
Objective
We aim at laying the foundation for improving on existing package managers. Package managers should be complete, that is find a solution whenever there exists one, and allow the user to specify complex criteria that define how to pick the best solution according to the user's preferences.
Method
In this paper we propose a modular architecture relying on precise interface formalisms that allows the system administrator to choose from a variety of dependency solvers and backends.
Results
We have built a working prototype--called MPM--following the design advocated in this paper, and we show how it largely outperforms a variety of current package managers.
Conclusion
We argue that a modular architecture, allowing for delegating the task of constraint solving to external solvers, is the path that leads to the next generation of package managers that will deliver better results, offer more expressive preference languages, and be easily adaptable to new platforms.},
	author = {Pietro Abate and Roberto {Di Cosmo} and Ralf Treinen and Stefano Zacchiroli},
	date-added = {2021-11-28 18:09:21 -0800},
	date-modified = {2021-11-28 18:09:21 -0800},
	doi = {https://doi.org/10.1016/j.infsof.2012.09.002},
	issn = {0950-5849},
	journal = {Information and Software Technology},
	keywords = {Software dependencies, Software repositories, Software components, Package manager, Open source},
	note = {Special Section: Component-Based Software Engineering (CBSE), 2011},
	number = {2},
	pages = {459 - 474},
	title = {A modular package manager architecture},
	url = {http://www.sciencedirect.com/science/article/pii/S0950584912001851},
	volume = {55},
	year = {2013},
	Bdsk-File-1 = {YnBsaXN0MDDSAQIDBFxyZWxhdGl2ZVBhdGhZYWxpYXNEYXRhXxBGLi4vLi4vLi4vc3JjL2J1aWxkLWJpYi9wYXBlcnMvYWJhdGUtMjAxMy1tb2R1bGFyLXBhY2thZ2UtbWFuYWdlci1hLnBkZk8RAcYAAAAAAcYAAgAADE1hY2ludG9zaCBIRAAAAAAAAAAAAAAAAAAAAAAAAABCRAAB/////x9hYmF0ZS0yMDEzLW1vZHVsYXIjRkZGRkZGRkYucGRmAAAAAAAAAAAAAAAAAAAAAAAAAAAAAAAAAAAAAAAAAAD/////AAAAAAAAAAAAAAAAAAMABAAACiBjdQAAAAAAAAAAAAAAAAAGcGFwZXJzAAIATi86VXNlcnM6Z2FtYmxpbjI6c3JjOmJ1aWxkLWJpYjpwYXBlcnM6YWJhdGUtMjAxMy1tb2R1bGFyLXBhY2thZ2UtbWFuYWdlci1hLnBkZgAOAFIAKABhAGIAYQB0AGUALQAyADAAMQAzAC0AbQBvAGQAdQBsAGEAcgAtAHAAYQBjAGsAYQBnAGUALQBtAGEAbgBhAGcAZQByAC0AYQAuAHAAZABmAA8AGgAMAE0AYQBjAGkAbgB0AG8AcwBoACAASABEABIATFVzZXJzL2dhbWJsaW4yL3NyYy9idWlsZC1iaWIvcGFwZXJzL2FiYXRlLTIwMTMtbW9kdWxhci1wYWNrYWdlLW1hbmFnZXItYS5wZGYAEwABLwAAFQACAA///wAAAAgADQAaACQAbQAAAAAAAAIBAAAAAAAAAAUAAAAAAAAAAAAAAAAAAAI3},
	Bdsk-Url-1 = {http://www.sciencedirect.com/science/article/pii/S0950584912001851},
	Bdsk-Url-2 = {https://doi.org/10.1016/j.infsof.2012.09.002}}

@inproceedings{abate+:ocaml14-pkg-manager-prefs,
	address = {Goteborg, Sweden},
	author = {Abate, Pietro and Di Cosmo, Roberto and Gesbert, Louis and Le Fessant, Fabrice and Zacchiroli, Stefano},
	booktitle = {{OCaml 2014}},
	date-added = {2021-11-28 18:09:16 -0800},
	date-modified = {2021-11-28 18:09:16 -0800},
	hal_id = {hal-01091177},
	hal_version = {v1},
	month = Sep,
	pdf = {https://hal.inria.fr/hal-01091177/file/ocaml2014_17.pdf},
	title = {{Using Preferences to Tame your Package Manager}},
	year = {2014},
	Bdsk-File-1 = {YnBsaXN0MDDSAQIDBFxyZWxhdGl2ZVBhdGhZYWxpYXNEYXRhXxBDLi4vLi4vLi4vc3JjL2J1aWxkLWJpYi9wYXBlcnMvYWJhdGUrb2NhbWwxNC1wa2ctbWFuYWdlci1wcmVmcy1hLnBkZk8RAbwAAAAAAbwAAgAADE1hY2ludG9zaCBIRAAAAAAAAAAAAAAAAAAAAAAAAABCRAAB/////x9hYmF0ZStvY2FtbDE0LXBrZy0jRkZGRkZGRkYucGRmAAAAAAAAAAAAAAAAAAAAAAAAAAAAAAAAAAAAAAAAAAD/////AAAAAAAAAAAAAAAAAAMABAAACiBjdQAAAAAAAAAAAAAAAAAGcGFwZXJzAAIASy86VXNlcnM6Z2FtYmxpbjI6c3JjOmJ1aWxkLWJpYjpwYXBlcnM6YWJhdGUrb2NhbWwxNC1wa2ctbWFuYWdlci1wcmVmcy1hLnBkZgAADgBMACUAYQBiAGEAdABlACsAbwBjAGEAbQBsADEANAAtAHAAawBnAC0AbQBhAG4AYQBnAGUAcgAtAHAAcgBlAGYAcwAtAGEALgBwAGQAZgAPABoADABNAGEAYwBpAG4AdABvAHMAaAAgAEgARAASAElVc2Vycy9nYW1ibGluMi9zcmMvYnVpbGQtYmliL3BhcGVycy9hYmF0ZStvY2FtbDE0LXBrZy1tYW5hZ2VyLXByZWZzLWEucGRmAAATAAEvAAAVAAIAD///AAAACAANABoAJABqAAAAAAAAAgEAAAAAAAAABQAAAAAAAAAAAAAAAAAAAio=},
	Bdsk-Url-1 = {https://hal.inria.fr/hal-01091177}}

@inproceedings{abate2020dependency,
	author = {Abate, Pietro and Di Cosmo, Roberto and Gousios, Georgios and Zacchiroli, Stefano},
	booktitle = {2020 IEEE 27th International Conference on Software Analysis, Evolution and Reengineering (SANER)},
	date-added = {2021-11-28 18:09:13 -0800},
	date-modified = {2021-11-28 18:09:13 -0800},
	organization = {IEEE},
	pages = {547--551},
	title = {Dependency Solving Is Still Hard, but We Are Getting Better at It},
	year = {2020},
	Bdsk-File-1 = {YnBsaXN0MDDSAQIDBFxyZWxhdGl2ZVBhdGhZYWxpYXNEYXRhXxA3Li4vLi4vLi4vc3JjL2J1aWxkLWJpYi9wYXBlcnMvYWJhdGUyMDIwZGVwZW5kZW5jeS1hLnBkZk8RAYwAAAAAAYwAAgAADE1hY2ludG9zaCBIRAAAAAAAAAAAAAAAAAAAAAAAAABCRAAB/////xlhYmF0ZTIwMjBkZXBlbmRlbmN5LWEucGRmAAAAAAAAAAAAAAAAAAAAAAAAAAAAAAAAAAAAAAAAAAAAAAAAAAD/////AAAAAAAAAAAAAAAAAAMABAAACiBjdQAAAAAAAAAAAAAAAAAGcGFwZXJzAAIAPy86VXNlcnM6Z2FtYmxpbjI6c3JjOmJ1aWxkLWJpYjpwYXBlcnM6YWJhdGUyMDIwZGVwZW5kZW5jeS1hLnBkZgAADgA0ABkAYQBiAGEAdABlADIAMAAyADAAZABlAHAAZQBuAGQAZQBuAGMAeQAtAGEALgBwAGQAZgAPABoADABNAGEAYwBpAG4AdABvAHMAaAAgAEgARAASAD1Vc2Vycy9nYW1ibGluMi9zcmMvYnVpbGQtYmliL3BhcGVycy9hYmF0ZTIwMjBkZXBlbmRlbmN5LWEucGRmAAATAAEvAAAVAAIAD///AAAACAANABoAJABeAAAAAAAAAgEAAAAAAAAABQAAAAAAAAAAAAAAAAAAAe4=}}

@article{abate2012dependency,
	author = {Abate, Pietro and Di Cosmo, Roberto and Treinen, Ralf and Zacchiroli, Stefano},
	date-added = {2021-11-28 18:09:13 -0800},
	date-modified = {2021-11-28 18:09:13 -0800},
	journal = {Journal of Systems and Software},
	number = {10},
	pages = {2228--2240},
	publisher = {Elsevier},
	title = {Dependency solving: a separate concern in component evolution management},
	volume = {85},
	year = {2012},
	Bdsk-File-1 = {YnBsaXN0MDDSAQIDBFxyZWxhdGl2ZVBhdGhZYWxpYXNEYXRhXxA3Li4vLi4vLi4vc3JjL2J1aWxkLWJpYi9wYXBlcnMvYWJhdGUyMDEyZGVwZW5kZW5jeS1hLnBkZk8RAYwAAAAAAYwAAgAADE1hY2ludG9zaCBIRAAAAAAAAAAAAAAAAAAAAAAAAABCRAAB/////xlhYmF0ZTIwMTJkZXBlbmRlbmN5LWEucGRmAAAAAAAAAAAAAAAAAAAAAAAAAAAAAAAAAAAAAAAAAAAAAAAAAAD/////AAAAAAAAAAAAAAAAAAMABAAACiBjdQAAAAAAAAAAAAAAAAAGcGFwZXJzAAIAPy86VXNlcnM6Z2FtYmxpbjI6c3JjOmJ1aWxkLWJpYjpwYXBlcnM6YWJhdGUyMDEyZGVwZW5kZW5jeS1hLnBkZgAADgA0ABkAYQBiAGEAdABlADIAMAAxADIAZABlAHAAZQBuAGQAZQBuAGMAeQAtAGEALgBwAGQAZgAPABoADABNAGEAYwBpAG4AdABvAHMAaAAgAEgARAASAD1Vc2Vycy9nYW1ibGluMi9zcmMvYnVpbGQtYmliL3BhcGVycy9hYmF0ZTIwMTJkZXBlbmRlbmN5LWEucGRmAAATAAEvAAAVAAIAD///AAAACAANABoAJABeAAAAAAAAAgEAAAAAAAAABQAAAAAAAAAAAAAAAAAAAe4=}}

@techreport{dicosmo:edos,
	author = {Roberto {Di Cosmo}},
	date-added = {2021-11-28 18:09:05 -0800},
	date-modified = {2021-11-28 18:09:05 -0800},
	institution = {{INRIA}},
	month = {May 15},
	note = {hal-00697463},
	title = {{EDOS deliverable WP2-D2.1: Report on Formal Management of Software Dependencies}},
	year = {2005},
	Bdsk-File-1 = {YnBsaXN0MDDSAQIDBFxyZWxhdGl2ZVBhdGhZYWxpYXNEYXRhXxAvLi4vLi4vLi4vc3JjL2J1aWxkLWJpYi9wYXBlcnMvZGljb3Ntb2Vkb3MtYS5wZGZPEQFsAAAAAAFsAAIAAAxNYWNpbnRvc2ggSEQAAAAAAAAAAAAAAAAAAAAAAAAAQkQAAf////8RZGljb3Ntb2Vkb3MtYS5wZGYAAAAAAAAAAAAAAAAAAAAAAAAAAAAAAAAAAAAAAAAAAAAAAAAAAAAAAAAAAAAA/////wAAAAAAAAAAAAAAAAADAAQAAAogY3UAAAAAAAAAAAAAAAAABnBhcGVycwACADcvOlVzZXJzOmdhbWJsaW4yOnNyYzpidWlsZC1iaWI6cGFwZXJzOmRpY29zbW9lZG9zLWEucGRmAAAOACQAEQBkAGkAYwBvAHMAbQBvAGUAZABvAHMALQBhAC4AcABkAGYADwAaAAwATQBhAGMAaQBuAHQAbwBzAGgAIABIAEQAEgA1VXNlcnMvZ2FtYmxpbjIvc3JjL2J1aWxkLWJpYi9wYXBlcnMvZGljb3Ntb2Vkb3MtYS5wZGYAABMAAS8AABUAAgAP//8AAAAIAA0AGgAkAFYAAAAAAAACAQAAAAAAAAAFAAAAAAAAAAAAAAAAAAABxg==},
	Bdsk-Url-1 = {https://hal.inria.fr/hal-00697463}}

@inproceedings{mancinelli+:ase06-foss-distros,
	author = {F. {Mancinelli} and J. {Boender} and R. {di Cosmo} and J. {Vouillon} and B. {Durak} and X. {Leroy} and R. {Treinen}},
	booktitle = {21st IEEE/ACM International Conference on Automated Software Engineering (ASE'06)},
	date-added = {2021-11-28 18:09:02 -0800},
	date-modified = {2021-11-28 18:09:02 -0800},
	pages = {199-208},
	title = {Managing the Complexity of Large Free and Open Source Package-Based Software Distributions},
	year = {2006},
	Bdsk-File-1 = {YnBsaXN0MDDSAQIDBFxyZWxhdGl2ZVBhdGhZYWxpYXNEYXRhXxBBLi4vLi4vLi4vc3JjL2J1aWxkLWJpYi9wYXBlcnMvbWFuY2luZWxsaSthc2UwNi1mb3NzLWRpc3Ryb3MtYS5wZGZPEQG0AAAAAAG0AAIAAAxNYWNpbnRvc2ggSEQAAAAAAAAAAAAAAAAAAAAAAAAAQkQAAf////8fbWFuY2luZWxsaSthc2UwNi1mI0ZGRkZGRkZGLnBkZgAAAAAAAAAAAAAAAAAAAAAAAAAAAAAAAAAAAAAAAAAA/////wAAAAAAAAAAAAAAAAADAAQAAAogY3UAAAAAAAAAAAAAAAAABnBhcGVycwACAEkvOlVzZXJzOmdhbWJsaW4yOnNyYzpidWlsZC1iaWI6cGFwZXJzOm1hbmNpbmVsbGkrYXNlMDYtZm9zcy1kaXN0cm9zLWEucGRmAAAOAEgAIwBtAGEAbgBjAGkAbgBlAGwAbABpACsAYQBzAGUAMAA2AC0AZgBvAHMAcwAtAGQAaQBzAHQAcgBvAHMALQBhAC4AcABkAGYADwAaAAwATQBhAGMAaQBuAHQAbwBzAGgAIABIAEQAEgBHVXNlcnMvZ2FtYmxpbjIvc3JjL2J1aWxkLWJpYi9wYXBlcnMvbWFuY2luZWxsaSthc2UwNi1mb3NzLWRpc3Ryb3MtYS5wZGYAABMAAS8AABUAAgAP//8AAAAIAA0AGgAkAGgAAAAAAAACAQAAAAAAAAAFAAAAAAAAAAAAAAAAAAACIA==}}

@inproceedings{melara+:cug17,
	address = {Seattle, WA},
	author = {Mario Melara and Todd Gamblin and Gregory Becker and Robert French and Matt Belhorn and Kelly Thompson and Peter Scheibel and Rebecca Hartman-Baker},
	booktitle = {Cray Users Group (CUG 2017)},
	date-added = {2021-11-28 18:08:56 -0800},
	date-modified = {2021-11-28 18:08:56 -0800},
	month = {May 7-11},
	title = {{Using Spack to Manage Software on Cray Supercomputers}},
	year = {2017},
	Bdsk-File-1 = {YnBsaXN0MDDSAQIDBFxyZWxhdGl2ZVBhdGhZYWxpYXNEYXRhXxAwLi4vLi4vLi4vc3JjL2J1aWxkLWJpYi9wYXBlcnMvbWVsYXJhK2N1ZzE3LWEucGRmTxEBbgAAAAABbgACAAAMTWFjaW50b3NoIEhEAAAAAAAAAAAAAAAAAAAAAAAAAEJEAAH/////Em1lbGFyYStjdWcxNy1hLnBkZgAAAAAAAAAAAAAAAAAAAAAAAAAAAAAAAAAAAAAAAAAAAAAAAAAAAAAAAAAAAP////8AAAAAAAAAAAAAAAAAAwAEAAAKIGN1AAAAAAAAAAAAAAAAAAZwYXBlcnMAAgA4LzpVc2VyczpnYW1ibGluMjpzcmM6YnVpbGQtYmliOnBhcGVyczptZWxhcmErY3VnMTctYS5wZGYADgAmABIAbQBlAGwAYQByAGEAKwBjAHUAZwAxADcALQBhAC4AcABkAGYADwAaAAwATQBhAGMAaQBuAHQAbwBzAGgAIABIAEQAEgA2VXNlcnMvZ2FtYmxpbjIvc3JjL2J1aWxkLWJpYi9wYXBlcnMvbWVsYXJhK2N1ZzE3LWEucGRmABMAAS8AABUAAgAP//8AAAAIAA0AGgAkAFcAAAAAAAACAQAAAAAAAAAFAAAAAAAAAAAAAAAAAAAByQ==}}

@inproceedings{gamblin+:sc15,
	acceptancerate = {22\%},
	address = {Austin, Texas},
	author = {Todd Gamblin and Matthew P. LeGendre and Michael R. Collette and Gregory L. Lee and Adam Moody and Bronis R. de Supinski and W. Scott Futral},
	booktitle = {Supercomputing 2015 (SC'15)},
	date-added = {2021-11-28 18:08:56 -0800},
	date-modified = {2021-11-28 18:08:56 -0800},
	month = {November 15-20},
	note = {LLNL-CONF-669890},
	title = {{The Spack Package Manager: Bringing order to HPC software chaos}},
	year = {2015},
	Bdsk-File-1 = {YnBsaXN0MDDSAQIDBFxyZWxhdGl2ZVBhdGhZYWxpYXNEYXRhXxAwLi4vLi4vLi4vc3JjL2J1aWxkLWJpYi9wYXBlcnMvZ2FtYmxpbitzYzE1LWEucGRmTxEBbgAAAAABbgACAAAMTWFjaW50b3NoIEhEAAAAAAAAAAAAAAAAAAAAAAAAAEJEAAH/////EmdhbWJsaW4rc2MxNS1hLnBkZgAAAAAAAAAAAAAAAAAAAAAAAAAAAAAAAAAAAAAAAAAAAAAAAAAAAAAAAAAAAP////8AAAAAAAAAAAAAAAAAAwAEAAAKIGN1AAAAAAAAAAAAAAAAAAZwYXBlcnMAAgA4LzpVc2VyczpnYW1ibGluMjpzcmM6YnVpbGQtYmliOnBhcGVyczpnYW1ibGluK3NjMTUtYS5wZGYADgAmABIAZwBhAG0AYgBsAGkAbgArAHMAYwAxADUALQBhAC4AcABkAGYADwAaAAwATQBhAGMAaQBuAHQAbwBzAGgAIABIAEQAEgA2VXNlcnMvZ2FtYmxpbjIvc3JjL2J1aWxkLWJpYi9wYXBlcnMvZ2FtYmxpbitzYzE1LWEucGRmABMAAS8AABUAAgAP//8AAAAIAA0AGgAkAFcAAAAAAAACAQAAAAAAAAAFAAAAAAAAAAAAAAAAAAAByQ==},
	Bdsk-Url-1 = {http://tgamblin.github.io/pubs/spack-sc15.pdf}}

@inproceedings{gamblin:fosdem20-concretizer,
	address = {Brussels, Belgium},
	author = {Todd Gamblin},
	booktitle = {{Free and Open source Software Developers' European Meeting (FOSDEM'20)}},
	date-added = {2021-11-28 18:08:56 -0800},
	date-modified = {2021-11-28 18:08:56 -0800},
	month = {February 1},
	title = {{Spack's new Concretizer: Dependency solving is more than just SAT!}},
	year = {2020},
	Bdsk-Url-1 = {https://fosdem.org/2018/schedule/event/spack/}}

@inproceedings{gamblin:fosdem20-archspec,
	address = {Brussels, Belgium},
	author = {Todd Gamblin},
	booktitle = {{Free and Open source Software Developers' European Meeting (FOSDEM'20)}},
	date-added = {2021-11-28 18:08:56 -0800},
	date-modified = {2021-11-28 18:08:56 -0800},
	month = {February 2},
	title = {{Build for your microarchitecture: experiences with Spack and archspec}},
	year = {2020},
	Bdsk-Url-1 = {https://fosdem.org/2018/schedule/event/spack/}}

@inproceedings{gamblin:fosdem18-compilers-dependencies,
	address = {Brussels, Belgium},
	author = {Todd Gamblin},
	booktitle = {{Free and Open source Software Developers' European Meeting (FOSDEM'18)}},
	date-added = {2021-11-28 18:08:56 -0800},
	date-modified = {2021-11-28 18:08:56 -0800},
	month = {February 3},
	title = {{How compilers affect dependency resolution in Spack}},
	year = {2018},
	Bdsk-Url-1 = {https://fosdem.org/2018/schedule/event/spack/}}

@inproceedings{becker+:hust16,
	address = {Salt Lake City, UT},
	author = {Gregory Becker and Peter Scheibel and Matthew P. LeGendre and Todd Gamblin},
	booktitle = {Second International Workshop on HPC User Support Tools (HUST'16)},
	date-added = {2021-11-28 18:08:56 -0800},
	date-modified = {2021-11-28 18:08:56 -0800},
	keywords = {LLNL-CONF-701389},
	month = {November 13},
	title = {{Managing Combinatorial Software Installations with Spack}},
	year = {2016},
	Bdsk-File-1 = {YnBsaXN0MDDSAQIDBFxyZWxhdGl2ZVBhdGhZYWxpYXNEYXRhXxAxLi4vLi4vLi4vc3JjL2J1aWxkLWJpYi9wYXBlcnMvYmVja2VyK2h1c3QxNi1hLnBkZk8RAXQAAAAAAXQAAgAADE1hY2ludG9zaCBIRAAAAAAAAAAAAAAAAAAAAAAAAABCRAAB/////xNiZWNrZXIraHVzdDE2LWEucGRmAAAAAAAAAAAAAAAAAAAAAAAAAAAAAAAAAAAAAAAAAAAAAAAAAAAAAAAAAAD/////AAAAAAAAAAAAAAAAAAMABAAACiBjdQAAAAAAAAAAAAAAAAAGcGFwZXJzAAIAOS86VXNlcnM6Z2FtYmxpbjI6c3JjOmJ1aWxkLWJpYjpwYXBlcnM6YmVja2VyK2h1c3QxNi1hLnBkZgAADgAoABMAYgBlAGMAawBlAHIAKwBoAHUAcwB0ADEANgAtAGEALgBwAGQAZgAPABoADABNAGEAYwBpAG4AdABvAHMAaAAgAEgARAASADdVc2Vycy9nYW1ibGluMi9zcmMvYnVpbGQtYmliL3BhcGVycy9iZWNrZXIraHVzdDE2LWEucGRmAAATAAEvAAAVAAIAD///AAAACAANABoAJABYAAAAAAAAAgEAAAAAAAAABQAAAAAAAAAAAAAAAAAAAdA=}}

@misc{weizenbaum:pubgrub18,
	author = {Natalie Weizenbaum},
	date-added = {2021-11-28 18:08:51 -0800},
	date-modified = {2021-11-28 18:08:51 -0800},
	howpublished = {https://medium.com/@nex3/pubgrub-2fb6470504f},
	month = {April 2},
	title = {{PubGrub: Next-Generation Version Solving}},
	year = {2018},
	Bdsk-Url-1 = {https://medium.com/@nex3/pubgrub-2fb6470504f}}

@misc{e4s,
	title = {{The Extreme-scale Scientific Software Stack (E4S)}},
	howpublished = {https://e4s-project.github.io/}}

@misc{llnl:hpc,
	title = {{Lawrence Livermore National Laboratory HPC Compute Platforms}},
	howpublished = {https://hpc.llnl.gov/hardware/compute-platforms}}
